@BOOK{astrof,
author = {M. Demia\'{n}ski},
title = {Astrofizyka relatywistyczna},
publisher = {PWN},
year = {1978},
address = {Warszawa},
}

@BOOK{relativ,
author = {Robert M. Wald},
title = {General Relativity},
publisher = {University of Chicago Press},
year = {1984},
key = {ISBN 978-0-226-87033-5},
}

@BOOK{theory,
author = {Stephen Hawking},
title = {Teoria wszystkiego: powstanie i losy Wszech\'{s}wiata},
publisher = {Zysk i S-ka},
year = {2003},
address = {Pozna\'{n}},
key = {ISBN 83-7298-429-8},
}